<record><leader>00000cas a22000007a 4500</leader><controlfield tag="001">11240736</controlfield><controlfield tag="008">841009c19uu9999iauwr ne      0   a0eng d</controlfield><datafield ind1=" " ind2=" " tag="010"><subfield code="a">sn 84002254 </subfield></datafield><datafield ind1=" " ind2=" " tag="040"><subfield code="a">NSD</subfield><subfield code="b">eng</subfield><subfield code="c">NSD</subfield><subfield code="d">INP</subfield><subfield code="d">OCLCQ</subfield></datafield><datafield ind1="1" ind2=" " tag="022"><subfield code="a">8750-3050</subfield><subfield code="l">8750-3050</subfield><subfield code="2">1</subfield></datafield><datafield ind1=" " ind2=" " tag="032"><subfield code="a">103490</subfield><subfield code="b">USPS</subfield></datafield><datafield ind1=" " ind2=" " tag="037"><subfield code="b">The N'West Iowa Review, Box 255, Sibley, 1A 51249</subfield></datafield><datafield ind1=" " ind2=" " tag="042"><subfield code="a">nsdp</subfield></datafield><datafield ind1=" " ind2="4" tag="222"><subfield code="a">The N'west Iowa review</subfield></datafield><datafield ind1="0" ind2="4" tag="245"><subfield code="a">The N'west Iowa review.</subfield></datafield><datafield ind1="3" ind2="0" tag="246"><subfield code="a">Northwest Iowa review</subfield></datafield><datafield ind1="3" ind2="0" tag="246"><subfield code="a">Review</subfield></datafield><datafield ind1=" " ind2=" " tag="260"><subfield code="a">Sheldon, Iowa ;</subfield><subfield code="a">Sibley, Iowa :</subfield><subfield code="b">Creative House Enterprises, Inc.</subfield></datafield><datafield ind1=" " ind2=" " tag="300"><subfield code="a">v.</subfield></datafield><datafield ind1=" " ind2=" " tag="310"><subfield code="a">Weekly</subfield></datafield><datafield ind1=" " ind2=" " tag="588"><subfield code="a">Description based on: Vol. 10, no. 51 (June 19, 1982).</subfield></datafield><datafield ind1=" " ind2=" " tag="752"><subfield code="a">United States</subfield><subfield code="b">Iowa</subfield><subfield code="c">O'Brien</subfield><subfield code="d">Sheldon.</subfield></datafield><datafield ind1=" " ind2=" " tag="752"><subfield code="a">United States</subfield><subfield code="b">Iowa</subfield><subfield code="c">Osceola</subfield><subfield code="d">Sibley.</subfield></datafield><datafield ind1="0" ind2="0" tag="780"><subfield code="t">Review (Sibley, Iowa)</subfield></datafield><datafield ind1=" " ind2=" " tag="936"><subfield code="a">Sept. 15, 1984</subfield></datafield><datafield ind1="1" ind2=" " tag="029"><subfield code="a">AU@</subfield><subfield code="b">000025473085</subfield></datafield></record>